<record><leader>00000cas a22000007a 4500</leader><controlfield tag="001">27691681</controlfield><controlfield tag="008">930308d19uu19uunmuwr ne      0    0eng d</controlfield><datafield ind1=" " ind2=" " tag="010"><subfield code="a">sn 93061618 </subfield></datafield><datafield ind1=" " ind2=" " tag="040"><subfield code="a">NVM</subfield><subfield code="b">eng</subfield><subfield code="c">NVM</subfield><subfield code="d">OCLCQ</subfield></datafield><datafield ind1=" " ind2=" " tag="042"><subfield code="a">msc</subfield></datafield><datafield ind1=" " ind2=" " tag="043"><subfield code="a">n-us-nm</subfield></datafield><datafield ind1="0" ind2=" " tag="130"><subfield code="a">Mountain breeze (Fort Bayard, N.M.)</subfield></datafield><datafield ind1="1" ind2="4" tag="245"><subfield code="a">The mountain breeze.</subfield></datafield><datafield ind1=" " ind2=" " tag="260"><subfield code="a">Ft. Bayard, N.M. :</subfield><subfield code="b">Roy S. Williams</subfield></datafield><datafield ind1=" " ind2=" " tag="300"><subfield code="a">v.</subfield></datafield><datafield ind1=" " ind2=" " tag="310"><subfield code="a">Weekly</subfield></datafield><datafield ind1=" " ind2=" " tag="500"><subfield code="a">"United States Veterans Hospital No. 55."</subfield></datafield><datafield ind1=" " ind2=" " tag="588"><subfield code="a">Description based on: Vol. 3, no. 6 (Aug. 11, 1922).</subfield></datafield><datafield ind1=" " ind2="4" tag="651"><subfield code="a">Fort Bayard (N.M.)</subfield><subfield code="v">Newspapers.</subfield></datafield><datafield ind1=" " ind2="4" tag="651"><subfield code="a">Grant County (N.M.)</subfield><subfield code="v">Newspapers.</subfield></datafield><datafield ind1=" " ind2=" " tag="752"><subfield code="a">United States</subfield><subfield code="b">New Mexico</subfield><subfield code="c">Grant</subfield><subfield code="d">Fort Bayard.</subfield></datafield></record>